@book{Paar2024,
  author    = {Christof Paar and Jan Pelzl and Tim GÃ¼neysu},
  title     = {Understanding Cryptography},
  edition   = {2nd},
  year      = {2024},
  publisher = {Springer},
  address   = {Berlin}
}

